@Article{pomp,
  title = {Statistical Inference for Partially Observed {Markov} Processes via the {R} Package {pomp}},
  author = {Aaron A. King and Dao Nguyen and Edward L. Ionides},
  journal = {Journal of Statistical Software},
  year = {2016},
  volume = {69},
  number = {12},
  pages = {1--43},
  doi = {10.18637/jss.v069.i12},
}

@Book{ggplot2,
  author = {Hadley Wickham},
  title = {ggplot2: Elegant Graphics for Data Analysis},
  publisher = {Springer-Verlag New York},
  year = {2016},
  isbn = {978-3-319-24277-4},
  url = {https://ggplot2.tidyverse.org},
}