@article{knuth84,
  author = {Knuth, Donald E.},
  title = {Literate Programming},
  year = {1984},
  issue_date = {May 1984},
  publisher = {Oxford University Press, Inc.},
  address = {USA},
  volume = {27},
  number = {2},
  issn = {0010-4620},
  url = {https://doi.org/10.1093/comjnl/27.2.97},
  doi = {10.1093/comjnl/27.2.97},
  journal = {Comput. J.},
  month = may,
  pages = {97–111},
  numpages = {15}
}

@Article{modelsummary,
  title = {{modelsummary}: Data and Model Summaries in {R}},
  author = {Vincent Arel-Bundock},
  journal = {Journal of Statistical Software},
  year = {2022},
  volume = {103},
  number = {1},
  pages = {1--23},
  doi = {10.18637/jss.v103.i01},
}
@Article{mlogit,
  title = {Estimation of Random Utility  Models in {R}: The {mlogit} Package},
  author = {Yves Croissant},
  journal = {Journal of Statistical Software},
  year = {2020},
  volume = {95},
  number = {11},
  pages = {1--41},
  doi = {10.18637/jss.v095.i11},
}


@article{geurs2010,
	title = {Accessibility appraisal of land-use/transport policy strategies: More than just adding up travel-time savings},
	author = {Geurs, Karst and Zondag, Barry and de Jong, Gerard and de Bok, Michiel},
	year = {2010},
	date = {2010},
	journal = {Transportation Research Part D: Transport and Environment},
	pages = {382--393},
	volume = {15},
	number = {7},
	doi = {https://doi.org/10.1016/j.trd.2010.04.006},
	url = {https://www.sciencedirect.com/science/article/pii/S1361920910000660},
	note = {Citation Key: geurs2010}
}

@inproceedings{rogers2012,
	title = {Resistance and resilience{\textendash}paradigms for critical local infrastructure},
	author = {Rogers, Christopher DF and Bouch, Christopher J and Williams, Stephen and Barber, Austin RG and Baker, Christopher J and Bryson, John R and Chapman, David N and Chapman, Lee and Coaffee, Jon and Jefferson, Ian and others, },
	year = {2012},
	date = {2012},
	pages = {73{\textendash}83},
	volume = {165},
	note = {Citation Key: rogers2012
Number: 2
tex.organization: Thomas Telford Ltd}
}

@book{ben-akivaDiscreteChoiceAnalysis1985,
	title = {Discrete Choice Analysis: Theory and Applications to Travel Demand},
	author = {Ben-Akiva, Moshe and Lerman, Steven R.},
	year = {1985},
	date = {1985},
	publisher = {MIT Press},
	url = {https://www.jstor.org/stable/1391567?origin=crossref}
}

@article{barry2009,
	title = {Addressing the Determinants of Positive Mental Health: Concepts, Evidence and Practice},
	author = {Barry, Margaret M.},
	year = {2009},
	month = {08},
	date = {2009-08-01},
	journal = {International Journal of Mental Health Promotion},
	pages = {4--17},
	volume = {11},
	number = {3},
	doi = {10.1080/14623730.2009.9721788},
	url = {https://doi.org/10.1080/14623730.2009.9721788},

}

@article{white2021,
	title = {Associations between green/blue spaces and mental health across 18 countries},
	author = {White, Mathew P. and Elliott, Lewis R. and Grellier, James and Economou, Theo and Bell, Simon and Bratman, Gregory N. and Cirach, Marta and Gascon, Mireia and Lima, Maria L. and {Lõhmus}, Mare and Nieuwenhuijsen, Mark and Ojala, Ann and Roiko, Anne and Schultz, P. Wesley and van den Bosch, Matilda and Fleming, Lora E.},
	year = {2021},
	month = {04},
	date = {2021-04-26},
	journal = {Scientific Reports},
	pages = {8903},
	volume = {11},
	number = {1},
	doi = {10.1038/s41598-021-87675-0},
	url = {https://www.nature.com/articles/s41598-021-87675-0},
	note = {Number: 1
Publisher: Nature Publishing Group},
	langid = {en}
}

@article{pouso2021,
	title = {Contact with blue-green spaces during the COVID-19 pandemic lockdown beneficial for mental health},
	author = {Pouso, Sarai and Borja, {Ángel} and Fleming, Lora E. and {Gómez-Baggethun}, Erik and White, Mathew P. and Uyarra, {María C.}},
	year = {2021},
	month = {02},
	date = {2021-02-20},
	journal = {Science of The Total Environment},
	pages = {143984},
	volume = {756},
	doi = {10.1016/j.scitotenv.2020.143984},
	url = {https://www.sciencedirect.com/science/article/pii/S004896972037515X},
	langid = {en}
}

@article{stanley2011,
	title = {Mobility, social exclusion and well-being: Exploring the links},
	author = {Stanley, John K. and Hensher, David A. and Stanley, Janet R. and Vella-Brodrick, Dianne},
	year = {2011},
	month = {10},
	date = {2011-10-01},
	journal = {Transportation Research Part A: Policy and Practice},
	pages = {789--801},
	volume = {45},
	number = {8},
	doi = {10.1016/j.tra.2011.06.007},
	url = {https://www.sciencedirect.com/science/article/pii/S0965856411001005},
	langid = {en}
}

@article{delbosc2011,
	title = {Exploring the relative influences of transport disadvantage and social exclusion on well-being},
	author = {Delbosc, Alexa and Currie, Graham},
	year = {2011},
	month = {08},
	date = {2011-08-01},
	journal = {Transport Policy},
	pages = {555--562},
	volume = {18},
	number = {4},
	doi = {10.1016/j.tranpol.2011.01.011},
	url = {https://www.sciencedirect.com/science/article/pii/S0967070X11000242},
	langid = {en}
}

@article{loades2020,
	title = {Rapid Systematic Review: The Impact of Social Isolation and Loneliness on the Mental Health of Children and Adolescents in the Context of COVID-19},
	author = {Loades, Maria Elizabeth and Chatburn, Eleanor and Higson-Sweeney, Nina and Reynolds, Shirley and Shafran, Roz and Brigden, Amberly and Linney, Catherine and McManus, Megan Niamh and Borwick, Catherine and Crawley, Esther},
	year = {2020},
	month = {11},
	date = {2020-11-01},
	journal = {Journal of the American Academy of Child \& Adolescent Psychiatry},
	pages = {1218--1239.e3},
	volume = {59},
	number = {11},
	doi = {10.1016/j.jaac.2020.05.009},
	url = {https://www.sciencedirect.com/science/article/pii/S0890856720303373},
	langid = {en}
}

@article{pelgrims2021,
	title = {Association between urban environment and mental health in Brussels, Belgium},
	author = {Pelgrims, Ingrid and Devleesschauwer, Brecht and Guyot, Madeleine and Keune, Hans and Nawrot, Tim S. and Remmen, Roy and Saenen, Nelly D. and Trabelsi, Sonia and Thomas, Isabelle and Aerts, Raf and De Clercq, Eva M.},
	year = {2021},
	month = {04},
	date = {2021-04-01},
	journal = {BMC Public Health},
	pages = {635},
	volume = {21},
	number = {1},
	doi = {10.1186/s12889-021-10557-7},
	url = {https://doi.org/10.1186/s12889-021-10557-7},
	langid = {en}
}

@article{rautio2018,
	title = {Living environment and its relationship to depressive mood: A systematic review},
	author = {Rautio, Nina and Filatova, Svetlana and Lehtiniemi, Heli and Miettunen, Jouko},
	year = {2018},
	month = {02},
	date = {2018-02-01},
	journal = {International Journal of Social Psychiatry},
	pages = {92--103},
	volume = {64},
	number = {1},
	doi = {10.1177/0020764017744582},
	url = {https://doi.org/10.1177/0020764017744582},
	note = {Publisher: SAGE Publications Ltd}
}

@article{gascon2018,
	title = {Long-term exposure to residential green and blue spaces and anxiety and depression in adults: A cross-sectional study},
	author = {Gascon, Mireia and {Sánchez-Benavides}, Gonzalo and Dadvand, Payam and {Martínez}, David and Gramunt, Nina and Gotsens, Xavier and Cirach, Marta and Vert, Cristina and Molinuevo, {José Luis} and Crous-Bou, Marta and Nieuwenhuijsen, Mark},
	year = {2018},
	month = {04},
	date = {2018-04-01},
	journal = {Environmental Research},
	pages = {231--239},
	volume = {162},
	doi = {10.1016/j.envres.2018.01.012},
	url = {https://www.sciencedirect.com/science/article/pii/S0013935118300124},
	langid = {en}
}

@article{engemann2019,
	title = {Residential green space in childhood is associated with lower risk of psychiatric disorders from adolescence into adulthood},
	author = {Engemann, Kristine and Pedersen, {Carsten Bøcker} and Arge, Lars and Tsirogiannis, Constantinos and Mortensen, Preben Bo and Svenning, Jens-Christian},
	year = {2019},
	month = {03},
	date = {2019-03-12},
	journal = {Proceedings of the National Academy of Sciences},
	pages = {5188--5193},
	volume = {116},
	number = {11},
	doi = {10.1073/pnas.1807504116},
	url = {https://www.pnas.org/doi/10.1073/pnas.1807504116},
	note = {Publisher: Proceedings of the National Academy of Sciences}
}

@article{hoisington2019,
	title = {Ten questions concerning the built environment and mental health},
	author = {Hoisington, Andrew J. and Stearns-Yoder, Kelly A. and Schuldt, Steven J. and Beemer, Cody J. and Maestre, Juan P. and Kinney, Kerry A. and Postolache, Teodor T. and Lowry, Christopher A. and Brenner, Lisa A.},
	year = {2019},
	month = {05},
	date = {2019-05-15},
	journal = {Building and Environment},
	pages = {58--69},
	volume = {155},
	doi = {10.1016/j.buildenv.2019.03.036},
	url = {https://www.sciencedirect.com/science/article/pii/S0360132319301982},
	langid = {en}
}

@article{syahputri2022,
	title = {Effect of travel satisfaction and heterogeneity of activity-travel patterns of other persons in the household on social and mental health: The case of Bandung Metropolitan area},
	author = {Syahputri, Jeanly and Dharmowijoyo, Dimas B. E. and Basuki Joewono, Tri and Rizki, Muhamad},
	year = {2022},
	month = {12},
	date = {2022-12-01},
	journal = {Case Studies on Transport Policy},
	pages = {2111--2124},
	volume = {10},
	number = {4},
	doi = {10.1016/j.cstp.2022.09.005},
	url = {https://www.sciencedirect.com/science/article/pii/S2213624X22001742},
	langid = {en}
}

@article{friman2017,
	title = {How does travel affect emotional well-being and life satisfaction?},
	author = {Friman, Margareta and {Gärling}, Tommy and Ettema, Dick and Olsson, Lars E.},
	year = {2017},
	month = {12},
	date = {2017-12-01},
	journal = {Transportation Research Part A: Policy and Practice},
	pages = {170--180},
	volume = {106},
	doi = {10.1016/j.tra.2017.09.024},
	url = {https://www.sciencedirect.com/science/article/pii/S0965856416305699},
	langid = {en}
}

@article{mackett2022,
	title = {Gender, mental health and travel},
	author = {Mackett, Roger L.},
	year = {2022},
	month = {12},
	date = {2022-12-01},
	journal = {Transportation},
	pages = {1891--1920},
	volume = {49},
	number = {6},
	doi = {10.1007/s11116-021-10231-2},
	url = {https://doi.org/10.1007/s11116-021-10231-2},
	langid = {en}
}

@article{mackett2021,
	title = {Mental health and travel behaviour},
	author = {Mackett, Roger L.},
	year = {2021},
	month = {09},
	date = {2021-09-01},
	journal = {Journal of Transport \& Health},
	pages = {101143},
	volume = {22},
	doi = {10.1016/j.jth.2021.101143},
	url = {https://www.sciencedirect.com/science/article/pii/S2214140521001730},
	langid = {en}
}

@article{lan2022,
	title = {Daily space-time activities, multiple environmental exposures, and anxiety symptoms: A cross-sectional mobile phone-based sensing study},
	author = {Lan, Yuliang and Roberts, Hannah and Kwan, Mei-Po and Helbich, Marco},
	year = {2022},
	month = {08},
	date = {2022-08-15},
	journal = {Science of The Total Environment},
	pages = {155276},
	volume = {834},
	doi = {10.1016/j.scitotenv.2022.155276},
	url = {https://www.sciencedirect.com/science/article/pii/S0048969722023695},
	langid = {en}
}

@article{riches2022,
	title = {Transforming GPS Points to Daily Activities Using Simultaneously Optimized DBSCAN-TE Parameters},
	author = {Riches, Gillian},
	year = {2022},
	month = {12},
	date = {2022-12-05},
	journal = {Theses and Dissertations},
	url = {https://scholarsarchive.byu.edu/etd/9755}
}
